<record><leader>00000cas a22000007a 4500</leader><controlfield tag="001">17358724</controlfield><controlfield tag="008">880119d19391954ohudr ne      0    0eng d</controlfield><datafield ind1=" " ind2=" " tag="010"><subfield code="a">sn 88078188 </subfield></datafield><datafield ind1=" " ind2=" " tag="040"><subfield code="a">ONP</subfield><subfield code="b">eng</subfield><subfield code="c">ONP</subfield><subfield code="d">OCLCQ</subfield></datafield><datafield ind1=" " ind2=" " tag="042"><subfield code="a">msc</subfield></datafield><datafield ind1="0" ind2="4" tag="245"><subfield code="a">The Zanesville news.</subfield></datafield><datafield ind1=" " ind2=" " tag="260"><subfield code="a">Zanesville, Ohio :</subfield><subfield code="b">Earl J. Jones Enterprises,</subfield><subfield code="c">1939-1954.</subfield></datafield><datafield ind1=" " ind2=" " tag="310"><subfield code="a">Daily</subfield></datafield><datafield ind1="0" ind2=" " tag="362"><subfield code="a">Vol. 1, no. 1 (Oct. 22, 1939)-v. 15, no. 94 (Jan. 23, 1954).</subfield></datafield><datafield ind1=" " ind2=" " tag="752"><subfield code="a">United States</subfield><subfield code="b">Ohio</subfield><subfield code="c">Muskingum</subfield><subfield code="d">Zanesville.</subfield></datafield><datafield ind1="0" ind2="5" tag="780"><subfield code="t">Zanesville herald (Zanesville, Ohio : 1936)</subfield><subfield code="w">(DLC)sn 88078187</subfield></datafield><datafield ind1="0" ind2="4" tag="785"><subfield code="t">Zanesville signal (Zanesville, Ohio : 1902)</subfield><subfield code="w">(DLC)sn 84028835</subfield></datafield></record>